<?xml version="1.0" encoding="UTF-8"?><collection xmlns="http://www.loc.gov/MARC21/slim"><record><leader>00388nam--2200157-i-4500</leader><controlfield tag="001">000049075</controlfield><controlfield tag="002">20161230</controlfield><controlfield tag="005">20161230201047</controlfield><controlfield tag="008">060222s1000------------r-----000-0-eng-d</controlfield><datafield ind1=" " ind2=" " tag="040"><subfield code="a">IFIN-HH</subfield></datafield><datafield ind1=" " ind2=" " tag="080"><subfield code="a">519.852</subfield></datafield><datafield ind1=" " ind2=" " tag="100"><subfield code="a">Akulich,I.L</subfield></datafield><datafield ind1=" " ind2=" " tag="245"><subfield code="a">Elementy lineinogo programmirovaniia</subfield></datafield><datafield ind1=" " ind2=" " tag="260"><subfield code="a">RIGA, ZINATNE, 1978. 108 p</subfield></datafield><datafield ind1=" " ind2=" " tag="852"><subfield code="a">75427</subfield><subfield code="c">517.9</subfield></datafield><datafield ind1=" " ind2=" " tag="CAT"><subfield code="a">Sys</subfield><subfield code="c">20090513</subfield><subfield code="h">112546</subfield></datafield></record></collection>